<?xml version="1.0" encoding="UTF-8"?><collection xmlns="http://www.loc.gov/MARC21/slim"><record><leader>00722nam--2200205-i-4500</leader><controlfield tag="001">000013897</controlfield><controlfield tag="002">20161230</controlfield><controlfield tag="005">20161230201030</controlfield><controlfield tag="008">060222s1000------------r-----000-0-eng-d</controlfield><datafield ind1=" " ind2=" " tag="020"><subfield code="a">0306406500</subfield></datafield><datafield ind1=" " ind2=" " tag="040"><subfield code="a">IFIN-HH</subfield></datafield><datafield ind1=" " ind2=" " tag="080"><subfield code="a">539.18(061.3):539.1(061.3)</subfield></datafield><datafield ind1="1" ind2=" " tag="100"><subfield code="a">Kleppner, Daniel</subfield></datafield><datafield ind1="1" ind2="0" tag="245"><subfield code="a">Atomic physics 7</subfield><subfield code="b">Proceedings of the seventh international conference on atomic physics, held august 4-8, 1980, at the massachusetts institut of technology, cambridge, massachusetts</subfield><subfield code="c">Daniel kleppner, francis m. pipkin (eds.)</subfield></datafield><datafield ind1=" " ind2=" " tag="260"><subfield code="a">New York</subfield><subfield code="b">Plenum Press</subfield><subfield code="c">1981</subfield></datafield><datafield ind1=" " ind2=" " tag="300"><subfield code="a">X + 573 P</subfield></datafield><datafield ind1=" " ind2=" " tag="490"><subfield code="a">Atomic Physics</subfield></datafield><datafield ind1="1" ind2=" " tag="700"><subfield code="a">Pipkin, Francis M</subfield><subfield code="e">Ed</subfield></datafield><datafield ind1=" " ind2=" " tag="852"><subfield code="a">10056</subfield><subfield code="c">539</subfield></datafield><datafield ind1=" " ind2=" " tag="CAT"><subfield code="a">Sys</subfield><subfield code="c">20110921</subfield><subfield code="h">153158</subfield></datafield></record></collection>